@article{Oey05,
	author = {L-Y Oey},
	title = {{A wetting and drying scheme for POM}},
	journal = {Ocean Mod.},
	year = {2005},
	volume = {9},
	pages = {133--150}}

@article{Oey06,
	author = {L-Y Oey},
	title = {An OGCM with movable land--sea boundaries},
	journal = {Ocean Mod.},
	year = {2006},
	volume = {13},
	pages = {176--195}}

@article{WarnerEtal13,
	author = {J C Warner and Z Defne and K Haas and H G Arango},
	title = {{A wetting and drying scheme for ROMS}},
	journal = {Computers and Geosc.},
	year = {2013},
	volume = {58},
	pages = {54--61}}